@INPROCEEDINGS{Ethics1, 
author={A. Lekka and M. Sakellariou}, 
booktitle={2014 International Conference on Interactive Mobile Communication Technologies and Learning (IMCL2014)}, 
title={Computer games and ethical issues}, 
year={2014}, 
volume={}, 
number={}, 
pages={342-343}, 
keywords={computer aided instruction;computer games;ethical aspects;social aspects of automation;computer games;ethical issues;gamification;video game elements;nongaming systems;user experience improvement;user engagement improvement;UX;violence;stereotyping against women;community;addiction;educational system;game culture ethical improvement;Games;Computers;Educational institutions;Context;Conferences;Mobile communication}, 
doi={10.1109/IMCTL.2014.7011160}, 
ISSN={}, 
month={Nov},}

@inproceedings{Ethics2,
 author = {Alha, Kati and Kinnunen, Jani and Koskinen, Elina and Paavilainen, Janne},
 title = {Free-to-Play Games: Paying Players' Perspective},
 booktitle = {Proceedings of the 22Nd International Academic Mindtrek Conference},
 series = {Mindtrek '18},
 year = {2018},
 isbn = {978-1-4503-6589-5},
 location = {Tampere, Finland},
 pages = {49--58},
 numpages = {10},
 url = {http://doi.acm.org.ezproxy.falmouth.ac.uk/10.1145/3275116.3275133},
 doi = {10.1145/3275116.3275133},
 acmid = {3275133},
 publisher = {ACM},
 address = {New York, NY, USA},
 keywords = {Free-to-play, attitudes, digital games, ethics, experience, paying},
} 

@INPROCEEDINGS{Addiction1, 
author={R. K. L. Nielsen}, 
booktitle={2015 International Conference on Interactive Technologies and Games}, 
title={Turning Data into People: Player Perspectives on Game Addiction}, 
year={2015}, 
volume={}, 
number={}, 
pages={76-83}, 
keywords={computer games;medical disorders;psychology;social aspects of automation;video game addiction;pathological gaming;Internet gaming disorder;psychiatric disorder;Games;Pathology;Computers;Internet;Interviews;Psychology;Labeling;game addiction;excessive gaming;video game questionnaires;Internet gaming addiction}, 
doi={10.1109/iTAG.2015.17}, 
ISSN={}, 
month={Oct},}

@INPROCEEDINGS{Addiction2, 
author={C. Vammen and J. Perkins}, 
booktitle={2007 IEEE International Symposium on Technology and Society}, 
title={An Unobserved Societal Issue, Video Game Addiction in the 21st Century}, 
year={2007}, 
volume={}, 
number={}, 
pages={1-4}, 
keywords={computer games;social aspects of automation;societal issue;video game addiction;mental health community;Games;Computer science;Computer science education;Microcomputers;Computer graphics;Hardware;Books;Eyes;Cameras}, 
doi={10.1109/ISTAS.2007.4362237}, 
ISSN={2158-3404}, 
month={June},}

@ARTICLE{Addiction3, 
author={K. Albrecht and K. Michael and M. G. Michael}, 
journal={IEEE Consumer Electronics Magazine}, 
title={The Dark Side of Video Games: Are you addicted?}, 
year={2016}, 
volume={5}, 
number={1}, 
pages={107-113}, 
keywords={computer games;social aspects of automation;video game addiction;Second Life;electronic vectors;Games;Internet;Psychology;Consumer behavior;Social implications of technology}, 
doi={10.1109/MCE.2015.2484820}, 
ISSN={2162-2248}, 
month={Jan},}

@ARTICLE{Addiction4, 
author={B. Davies and E. Blake}, 
journal={IEEE Computer Graphics and Applications}, 
title={Evaluating Existing Strategies to Limit Video Game Playing Time}, 
year={2016}, 
volume={36}, 
number={2}, 
pages={47-57}, 
keywords={computer games;psychology;video game;China;South Korea;game environment;psychology;Games;Psychology;Visual computing;Entertainment industry;Video games;computer graphics;human factors;human-centered computing;software psychology;video games;Adult;Attention;Behavior, Addictive;Fatigue;Female;Humans;Male;Republic of Korea;Research;Self-Control;Video Games;Young Adult}, 
doi={10.1109/MCG.2016.25}, 
ISSN={0272-1716}, 
month={Mar},}

@INPROCEEDINGS{AddictiveDesign1, 
author={M. Soroush and M. Hancock and V. K. Bonns}, 
booktitle={2014 IEEE Games Media Entertainment}, 
title={Self-control in casual games: The relationship between Candy Crush Sagaâ„¢ players' in-app purchases and self-control}, 
year={2014}, 
volume={}, 
number={}, 
pages={1-6}, 
keywords={computer games;microeconomics;casual games;Candy Crush Saga player in-app purchases;Candy Crush Saga self-control;economic model;gaming market;purchasing decisions;Mechanical Turk;video game;psychology;Games;Face;Psychology;Correlation;Decision making;Pricing;self-control;casual games;design patterns;Free-mium;micro-transactions;in-app purchases}, 
doi={10.1109/GEM.2014.7048099}, 
ISSN={}, 
month={Oct},}

@inproceedings{AddictiveDesign2,
 author = {Harrigan, Kevin A. and Collins, Karen and Dixon, Michael J. and Fugelsang, Jonathan},
 title = {Addictive Gameplay: What Casual Game Designers Can Learn from Slot Machine Research},
 booktitle = {Proceedings of the International Academic Conference on the Future of Game Design and Technology},
 series = {Futureplay '10},
 year = {2010},
 isbn = {978-1-4503-0235-7},
 location = {Vancouver, British Columbia, Canada},
 pages = {127--133},
 numpages = {7},
 url = {http://doi.acm.org.ezproxy.falmouth.ac.uk/10.1145/1920778.1920796},
 doi = {10.1145/1920778.1920796},
 acmid = {1920796},
 publisher = {ACM},
 address = {New York, NY, USA},
 keywords = {addictive, computer games, design, popularity, principles, slot machines},
}

@inproceedings{AddictiveDesign3,
 author = {Lou, Jing-Kai and Chen, Kuan-Ta and Hsu, Hwai-Jung and Lei, Chin-Laung},
 title = {Forecasting Online Game Addictiveness},
 booktitle = {Proceedings of the 11th Annual Workshop on Network and Systems Support for Games},
 series = {NetGames '12},
 year = {2012},
 isbn = {978-1-4673-4578-1},
 location = {Venice, Italy},
 pages = {6:1--6:6},
 articleno = {6},
 numpages = {6},
 url = {http://dl.acm.org.ezproxy.falmouth.ac.uk/citation.cfm?id=2501560.2501568},
 acmid = {2501568},
 publisher = {IEEE Press},
 address = {Piscataway, NJ, USA},
 keywords = {addiction, affective computing, electromyography, facial EMG, psychology, quality of experience},
}

@misc{AddictiveDesign4,
 url={http://www.gamasutra.com/view/feature/131494/behavioral_game_design.php},
 title = {Behavioral Game Design},
 journal = {gamasutra},
 publisher = {gamasutra},
 author = {John Hopson},
 year = {2001},
 month = {Apr},
}

@misc{HumaneDesign,
 url={https://www.youtube.com/watch?v=GArkyxP8-n0},
 title = {Humane Design - Games Must Be Good to Their Players},
 journal = {YouTube},
 publisher = {YouTube},
 author = {Portnow, James},
 year = {2015},
 month = {Apr},
}

@misc{FreeToPlay,
 url={https://www.youtube.com/watch?v=PBtXyv0Q1Eg},
 title = {Free to Play Laws - Can We Stop Predatory Practices?},
 journal = {YouTube},
 publisher = {YouTube},
 author = {Portnow, James},
 year = {2016},
 month = {Jan},
}
@misc{SkinnerBox,
 url={https://www.youtube.com/watch?v=tWtvrPTbQ_c&vl=en},
 title = {The Skinner Box - How Games Condition People to Play More},
 journal = {YouTube},
 publisher = {YouTube},
 author = {Portnow, James},
 year={2012},
 month={Mar},
}

@misc{ExitPoints,
 url={https://www.youtube.com/watch?v=GqjkWec61gQ},
 title = {Exit Points - Putting Down the Game},
 journal = {YouTube},
 publisher = {YouTube},
 author = {Portnow, James},
 year={2015},
 month={Apr},
}

@misc{RatPark1,
 url={https://www.youtube.com/watch?v=ao8L-0nSYzg},
 title = {Addiction},
 journal={YouTube},
 publisher={YouTube},
 author={Kurzgesagt},
 year={2015},
 month={Oct}
}

@article{RatPark2,
  title={Effect of early and later colony housing on oral ingestion of morphine in rats},
  author={Alexander, Bruce K and Beyerstein, Barry L and Hadaway, Patricia F and Coambs, Robert B},
  journal={Pharmacology Biochemistry and Behavior},
  volume={15},
  number={4},
  pages={571--576},
  year={1981},
  publisher={Elsevier}
}

@book{parkin2015death,
  title={Death by Video Game: Tales of obsession from the virtual frontline},
  author={Parkin, Simon},
  year={2015},
  publisher={Serpent's Tail}
}
